@Book{patterson,
  author = 	 {David A. Patterson, John L. Henessy},
  title = 	 {Computer Organization and Design},
  publisher = 	 {Morgan-Kaufmann},
  year = 	 {2009},
  edition = 	 {4th}
}

@Book{instructionset,
author = {MIPS Computer Systems},
title = {MIPS IV Instruction Set reference},
year = 	 {1985}}
